@InProceedings{SuNo00,
  author =       {Surname, F. and NomDeFamille, P.},
  title =        {Titre de ce travail},
  OPTcrossref =  {},
  OPTkey =       {},
  booktitle = {Tratatata},
  year =      {2000},
  OPTeditor =    {},
  OPTvolume =    {},
  OPTnumber =    {},
  OPTseries =    {},
  OPTpages =     {},
  OPTmonth =     {},
  OPTaddress =   {},
  OPTorganization = {},
  OPTpublisher = {},
  OPTnote =      {},
  OPTannote =    {}
}



@Book{,
  ALTauthor =    {},
  ALTeditor =    {},
  title =        {},
  publisher =    {},
  year =         {},
  OPTkey =       {},
  OPTvolume =    {},
  OPTnumber =    {},
  OPTseries =    {},
  OPTaddress =   {},
  OPTedition =   {},
  OPTmonth =     {},
  OPTnote =      {},
  OPTannote =    {}
}

@TechReport{,
  author =       {},
  title =        {},
  institution =  {},
  year =         {},
  OPTkey =       {},
  OPTtype =      {},
  OPTnumber =    {},
  OPTaddress =   {},
  OPTmonth =     {},
  OPTnote =      {},
  OPTannote =    {}
}




@article{Fan15,
  author    = {Fan, W.},
  title     = {Data Quality: From Theory to Practice},
  journal   = {{SIGMOD} Rec.},
  volume    = {44},
  number    = {3},
  pages     = {7--18},
  year      = {2015},
  url       = {https://doi.org/10.1145/2854006.2854008},
  doi       = {10.1145/2854006.2854008},
  timestamp = {Fri, 06 Mar 2020 21:56:28 +0100},
  biburl    = {https://dblp.org/rec/journals/sigmod/Fan15.bib},
  bibsource = {dblp computer science bibliography, https://dblp.org}
}


@techreport{galhardas:inria-00072476,
  TITLE = {{Declarative Data Cleaning : Language, Model, and Algorithms}},
  AUTHOR = {Galhardas, Helena and Florescu, Daniela and Shasha, Dennis and Simon, Eric and Saita, Cristian},
  URL = {https://hal.inria.fr/inria-00072476},
  NOTE = {Projet CARAVEL},
  TYPE = {Research Report},
  NUMBER = {RR-4149},
  INSTITUTION = {{INRIA}},
  YEAR = {2001},
  KEYWORDS = {SIMILARITY JOIN ; QUERY OPTIMIZATION ; DATA TRANSFORMATIONS ; DATA QUALITY},
  PDF = {https://hal.inria.fr/inria-00072476/file/RR-4149.pdf},
  HAL_ID = {inria-00072476},
  HAL_VERSION = {v1},
}

@book{10.5555/1841211,
author = {Naumann, Felix and Herschel, Melanie},
title = {An Introduction to Duplicate Detection},
year = {2010},
isbn = {1608452204},
publisher = {Morgan and Claypool Publishers}
}

